
% Journals

% First the Full Name is given, then the abbreviation used in the AMS Math
% Reviews, with an indication if it could not be found there.
% Note the 2nd overwrites the 1st, so swap them if you want the full name.

 %{AMS}
 @String{AMSTrans = "American Mathematical Society Translations" }
 @String{AMSTrans = "Amer. Math. Soc. Transl." }
 @String{BullAMS = "Bulletin of the American Mathematical Society" }
 @String{BullAMS = "Bull. Amer. Math. Soc." }
 @String{ProcAMS = "Proceedings of the American Mathematical Society" }
 @String{ProcAMS = "Proc. Amer. Math. Soc." }
 @String{TransAMS = "Transactions of the American Mathematical Society" }
 @String{TransAMS = "Trans. Amer. Math. Soc." }

 %ACM
 @String{CACM = "Communications of the {ACM}" }
 @String{CACM = "Commun. {ACM}" }
 @String{CompServ = "Comput. Surveys" }
 @String{JACM = "J. ACM" }
 @String{ACMMathSoft = "{ACM} Transactions on Mathematical Software" }
 @String{ACMMathSoft = "{ACM} Trans. Math. Software" }
 @String{SIGNUM = "{ACM} {SIGNUM} Newsletter" }
 @String{SIGNUM = "{ACM} {SIGNUM} Newslett." }

 @String{AmerSocio = "American Journal of Sociology" }
 @String{AmerStatAssoc = "Journal of the American Statistical Association" }
 @String{AmerStatAssoc = "J. Amer. Statist. Assoc." }
 @String{ApplMathComp = "Applied Mathematics and Computation" }
 @String{ApplMathComp = "Appl. Math. Comput." }
 @String{AmerMathMonthly = "American Mathematical Monthly" }
 @String{AmerMathMonthly = "Amer. Math. Monthly" }
 @String{BIT = "{BIT}" }
 @String{BritStatPsych = "British Journal of Mathematical and Statistical
          Psychology" }
 @String{BritStatPsych = "Brit. J. Math. Statist. Psych." }
 @String{CanMathBull = "Canadian Mathematical Bulletin" }
 @String{CanMathBull = "Canad. Math. Bull." }
 @String{CompApplMath = "Journal of Computational and Applied Mathematics" }
 @String{CompApplMath = "J. Comput. Appl. Math." }
 @String{CompPhys = "Journal of Computational Physics" }
 @String{CompPhys = "J. Comput. Phys." }
 @String{CompStruct = "Computers and Structures" }
 @String{CompStruct = "Comput. \& Structures" }
 @String{CompJour = "The Computer Journal" }
 @String{CompJour = "Comput. J." }
 @String{CompSysSci = "Journal of Computer and System Sciences" }
 @String{CompSysSci = "J. Comput. System Sci." }
 @String{Computing = "Computing" }
 @String{ContempMath = "Contemporary Mathematics" }
 @String{ContempMath = "Contemp. Math." }
 @String{Crelle = "Crelle's Journal" }
 @String{GiornaleMath = "Giornale di Mathematiche" }
 @String{GiornaleMath = "Giorn. Mat." } % didn't find in AMS MR., ibid.

 %IEEE
 @String{Computer = "{IEEE} Computer" }
 @String{IEEETransComp = "{IEEE} Transactions on Computers" }
 @String{IEEETransComp = "{IEEE} Trans. Comput." }
 @String{IEEETransAC = "{IEEE} Transactions on Automatic Control" }
 @String{IEEETransAC = "{IEEE} Trans. Automat. Control" }
 @String{IEEESpec = "{IEEE} Spectrum" } % didn't find in AMS MR
 @String{ProcIEEE = "Proceedings of the {IEEE}" }
 @String{ProcIEEE = "Proc. {IEEE}" } % didn't find in AMS MR
 @String{IEEETransAeroElec = "{IEEE} Transactions on Aerospace and Electronic
     Systems" }
 @String{IEEETransAeroElec = "{IEEE} Trans. Aerospace Electron. Systems" }

 @String{IMANumerAna = "{IMA} Journal of Numerical Analysis" }
 @String{IMANumerAna = "{IMA} J. Numer. Anal." }
 @String{InfProcLet = "Information Processing Letters" }
 @String{InfProcLet = "Inform. Process. Lett." }
 @String{InstMathApp = "Journal of the Institute of Mathematics and
     its Applications" }
 @String{InstMathApp = "J. Inst. Math. Appl." }
 @String{IntControl = "International Journal of Control" }
 @String{IntControl = "Internat. J. Control" }
 @String{IntNumerEng = "International Journal for Numerical Methods in
     Engineering" }
 @String{IntNumerEng = "Internat. J. Numer. Methods Engrg." }
 @String{IntSuper = "International Journal of Supercomputing Applications" }
 @String{IntSuper = "Internat. J. Supercomputing Applic." } % didn't find
%% in AMS MR
 @String{Kibernetika = "Kibernetika" }
 @String{JResNatBurStand = "Journal of Research of the National Bureau
     of Standards" }
 @String{JResNatBurStand = "J. Res. Nat. Bur. Standards" }
 @String{LinAlgApp = "Linear Algebra and its Applications" }
 @String{LinAlgApp = "Linear Algebra Appl." }
 @String{MathAnaAppl = "Journal of Mathematical Analysis and Applications" }
 @String{MathAnaAppl = "J. Math. Anal. Appl." }
 @String{MathAnnalen = "Mathematische Annalen" }
 @String{MathAnnalen = "Math. Ann." }
 @String{MathPhys = "Journal of Mathematical Physics" }
 @String{MathPhys = "J. Math. Phys." }
 @String{MathComp = "Mathematics of Computation" }
 @String{MathComp = "Math. Comp." }
 @String{MathScand = "Mathematica Scandinavica" }
 @String{MathScand = "Math. Scand." }
 @String{TablesAidsComp = "Mathematical Tables and Other Aids to Computation" }
 @String{TablesAidsComp = "Math. Tables Aids Comput." }
 @String{NumerMath = "Numerische Mathematik" }
 @String{NumerMath = "Numer. Math." }
 @String{PacificMath = "Pacific Journal of Mathematics" }
 @String{PacificMath = "Pacific J. Math." }
 @String{ParDistComp = "Journal of Parallel and Distributed Computing" }
 @String{ParDistComp = "J. Parallel and Distrib. Comput." } % didn't find
%% in AMS MR
 @String{ParComputing = "Parallel Computing" }
 @String{ParComputing = "Parallel Comput." }
 @String{PhilMag = "Philosophical Magazine" }
 @String{PhilMag = "Philos. Mag." }
 @String{ProcNAS = "Proceedings of the National Academy of Sciences
                    of the USA" }
 @String{ProcNAS = "Proc. Nat. Acad. Sci. U. S. A." }
 @String{Psychometrika = "Psychometrika" }
 @String{QuartMath = "Quarterly Journal of Mathematics, Oxford, Series (2)" }
 @String{QuartMath = "Quart. J. Math. Oxford Ser. (2)" }
 @String{QuartApplMath = "Quarterly of Applied Mathematics" }
 @String{QuartApplMath = "Quart. Appl. Math." }
 @String{RevueInstStat = "Review of the International Statisical Institute" }
 @String{RevueInstStat = "Rev. Inst. Internat. Statist." }

 %SIAM
 @String{JSIAM = "Journal of the Society for Industrial and Applied
     Mathematics" }
 @String{JSIAM = "J. Soc. Indust. Appl. Math." }
 @String{JSIAMB = "Journal of the Society for Industrial and Applied
     Mathematics, Series B, Numerical Analysis" }
 @String{JSIAMB = "J. Soc. Indust. Appl. Math. Ser. B Numer. Anal." }
 @String{SIAMAlgMeth = "{SIAM} Journal on Algebraic and Discrete Methods" }
 @String{SIAMAlgMeth = "{SIAM} J. Algebraic Discrete Methods" }
 @String{SIAMAppMath = "{SIAM} Journal on Applied Mathematics" }
 @String{SIAMAppMath = "{SIAM} J. Appl. Math." }
 @String{SIAMComp = "{SIAM} Journal on Computing" }
 @String{SIAMComp = "{SIAM} J. Comput." }
 @String{SIAMMatrix = "{SIAM} Journal on Matrix Analysis and Applications" }
 @String{SIAMMatrix = "{SIAM} J. Matrix Anal. Appl." }
 @String{SIAMNumAnal = "{SIAM} Journal on Numerical Analysis" }
 @String{SIAMNumAnal = "{SIAM} J. Numer. Anal." }
 @String{SIAMReview = "{SIAM} Review" }
 @String{SIAMReview = "{SIAM} Rev." }
 @String{SIAMSciStat = "{SIAM} Journal on Scientific and Statistical
     Computing" }
 @String{SIAMSciStat = "{SIAM} J. Sci. Statist. Comput." }

 @String{SoftPracExp = "Software Practice and Experience" }
 @String{SoftPracExp = "Software Prac. Experience" } % didn't find in AMS MR
 @String{StatScience = "Statistical Science" }
 @String{StatScience = "Statist. Sci." }
 @String{Techno = "Technometrics" }
 @String{USSRCompMathPhys = "{USSR} Computational Mathematics and Mathematical
     Physics" }
 @String{USSRCompMathPhys = "{U. S. S. R.} Comput. Math. and Math. Phys." }
 @String{VLSICompSys = "Journal of {VLSI} and Computer Systems" }
 @String{VLSICompSys = "J. {VLSI} Comput. Syst." }
 @String{ZAngewMathMech = "Zeitschrift fur Angewandte Mathematik und
     Mechanik" }
 @String{ZAngewMathMech = "Z. Angew. Math. Mech." }
 @String{ZAngewMathPhys = "Zeitschrift fur Angewandte Mathematik und Physik" }
 @String{ZAngewMathPhys = "Z. Angew. Math. Phys." }

% Publishers % ================================================= |

 @String{Academic = "Academic Press" }
 @String{ACMPress = "{ACM} Press" }
 @String{AdamHilger = "Adam Hilger" }
 @String{AddisonWesley = "Addison-Wesley" }
 @String{AllynBacon = "Allyn and Bacon" }
 @String{AMS = "American Mathematical Society" }
 @String{Birkhauser = "Birkha{\"u}ser" }
 @String{CambridgePress = "Cambridge University Press" }
 @String{Chelsea = "Chelsea" }
 @String{ClaredonPress = "Claredon Press" }
 @String{DoverPub = "Dover Publications" }
 @String{Eyolles = "Eyolles" }
 @String{HoltRinehartWinston = "Holt, Rinehart and Winston" }
 @String{Interscience = "Interscience" }
 @String{JohnsHopkinsPress = "The Johns Hopkins University Press" }
 @String{JohnWileySons = "John Wiley and Sons" }
 @String{Macmillan = "Macmillan" }
 @String{MathWorks = "The Math Works Inc." }
 @String{McGrawHill = "McGraw-Hill" }
 @String{NatBurStd = "National Bureau of Standards" }
 @String{NorthHolland = "North-Holland" }
 @String{OxfordPress = "Oxford University Press" }  %address Oxford or London?
 @String{PergamonPress = "Pergamon Press" }
 @String{PlenumPress = "Plenum Press" }
 @String{PrenticeHall = "Prentice-Hall" }
 @String{SIAMPub = "{SIAM} Publications" }
 @String{Springer = "Springer-Verlag" }
 @String{TexasPress = "University of Texas Press" }
 @String{VanNostrand = "Van Nostrand" }
 @String{WHFreeman = "W. H. Freeman and Co." }

%Entries

@Article{Abril07,
  author        = "Patricia S. Abril and Robert Plant",
  title         = "The patent holder's dilemma: Buy, sell, or troll?",
  journal       = "Communications of the ACM",
  volume        = "50",
  number        = "1",
  month         = jan,
  year          = "2007",
  pages         = "36--44",
  doi           = "10.1145/1188913.1188915",
  url           = "http://doi.acm.org/10.1145/1219092.1219093",
  note          = "",
}

@Article{Cohen07,
  author        = "Sarah Cohen and Werner Nutt and Yehoshua Sagic",
  title         = "Deciding equivalances among conjunctive aggregate queries",
  journal       = JACM,
  articleno     = 5,
  numpages      = 50,
  volume        = 54,
  number        = 2,
  month         = apr,
  year          = 2007,
  doi           = "10.1145/1219092.1219093",
  url           = "http://doi.acm.org/10.1145/1219092.1219093",
  acmid         = 1219093,
}


@incollection{GM05,
Author= "Dan Geiger and Christopher Meek",
Title= "Structured Variational Inference Procedures and their Realizations (as incol)",
Year= 2005,
Booktitle="Proceedings of Tenth International Workshop on Artificial Intelligence and Statistics, {\rm The Barbados}",
Publisher="The Society for Artificial Intelligence and Statistics",
Month= jan,
Editors= "Z. Ghahramani and R. Cowell"
}

@Inproceedings{Smith10,
  author =       "Stan W. Smith",
  title =        "An experiment in bibliographic mark-up: Parsing metadata for XML export",
  booktitle =    "Proceedings of the 3rd. annual workshop on Librarians and Computers",
  series =       "LAC '10",
  editor =       "Reginald N. Smythe and Alexander Noble",
  volume =       "3",
  year =         "2010",
  publisher =    "Paparazzi Press",
  address =      "Milan Italy",
  pages =        "422--431",
  doi =          "99.9999/woot07-S422",
  url =          "http://dx.doi.org/99.0000/woot07-S422",
  number =       "",
  month =        "",
  organization = "",
  note =         "",
}

@Techreport{Harel78,
  author =       "David Harel",
  year =         "1978",
  title =        "LOGICS of Programs: AXIOMATICS and DESCRIPTIVE POWER",
  institution =  "Massachusetts Institute of Technology",
  type =         "MIT Research Lab Technical Report",
  number =       "TR-200",
  address =      "Cambridge, MA",
  month =        "",
  note =         "",
}



@online{UNICEF2020,
  author =       "United Nations Children's Fund (UNICEF)",
  year =         "2020",
  title =        "Policy guidance on AI for children, DRAFT 1.0 ",
  url =          "https://www.unicef.org/globalinsight/reports/policy-guidance-ai-children ",
  month =        jan,
  lastaccessed = "January 24, 2021",
}


@inproceedings{hu2018,
author = {Ku, Hyunjin and Choi, Jason J. and Lee, Soomin and Jang, Sunho and Do, Wonkyung},
title = {Shelly, a Tortoise-Like Robot for One-to-Many Interaction with Children},
year = {2018},
isbn = {9781450356152},
publisher = {Association for Computing Machinery},
address = {New York, NY, USA},
url = {https://doi.org/10.1145/3173386.3177824},
doi = {10.1145/3173386.3177824},
abstract = {We designed "Shelly", a robot interacting with children while restraining children»s robot abusing behaviors. Shelly has a tortoise-like friendly appearance and touch based simple and versatile interface, which encourages children to interact with the robot spontaneously in environments such as amusement park or kindergarten. We have developed two prototypes and proved validity of Shelly»s social concepts - one-to-many interaction and restraining robot abusing - through field tests. Ultimately, Shelly»s novel interface and interaction model targeted for multiple-children interaction would effectively attribute to various social goods.},
booktitle = {Companion of the 2018 ACM/IEEE International Conference on Human-Robot Interaction},
pages = {353–354},
numpages = {2},
keywords = {multi-modal interface, one-to-many interaction, non-verbal interface, robot abusing, animal-like robot},
location = {Chicago, IL, USA},
series = {HRI '18}
}



 @Phdthesis{Serholt:2017,
  author = "Serholt, Sofia",
  year =         "2017",
  title =        "Child–Robot Interaction in Education",
  school =       "University of Gothenburg",
  address =      "Gothenburg, Germany",
  isbn = {978-91-88245-00-7},
  type =         "",
  month =        "",
}


@online{OttoDIY:2016,
  author =       "Parra-Palacio, Camilo and Svarcova, Tereza and Clime, Ethan",
  year =         "2016",
  title =        "Otto DIY robots",
  url =          "https://www.ottodiy.com/",
  month =        Jan,
  lastaccessed = "Jan 31, 2021",
}


@online{OSR:2018,
  author =       "NASA Jet Propulsion Laboratory",
  year =         "2018",
  title =        "Open Source Rover",
  url =          "https://github.com/nasa-jpl/open-source-rover",
  month =        April,
  lastaccessed = "Jan 31, 2021",
}


@online{nanoJetBot:2019,
  author =       "NVIDIA",
  year =         "2019",
  title =        "Nano JetBot",
  url =          "https://github.com/NVIDIA-AI-IOT/jetbot",
  month =         March,
  lastaccessed = "Jan 31, 2021",
}

@online{savage2020,
  author =       "Savage Neil ",
  year =         "2020",
  title =        "The race to the top among the world’s leaders in artificial intelligence",
  url =          "https://www.nature.com/articles/d41586-020-03409-8",
  month =         December,
  lastaccessed = "Feb 02, 2021",
}
 


@inproceedings {durr2015,
booktitle = {EG 2015 - Posters},
editor = {B. Solenthaler and E. Puppo},
title = {{Deep Learning on a Raspberry Pi for Real Time Face Recognition}},
author = {Durr, Oliver and Pauchard, Yves and Browarnik, Diego and Axthelm, Rebekka and Loeser, Martin},
year = {2015},
publisher = {The Eurographics Association},
DOI = {10.2312/egp.20151036}
}


@misc{matelabs2017,
  title  = "Why do we need the Democratization of Machine Learning?",
  author = "MateLabs",
  year = {2017},
  Howpublished = {\url{https://medium.com/startup-grind/why-do-we-need-the-democratization-of-machine-learning-80104e43c76f}},
  note = {April 27, 2017 (accessed December 08, 2017)},
}




@Inbook{ruiz-garcia2016,
author="Ruiz-Garcia, Ariel
and Elshaw, Mark
and Altahhan, Abdulrahman
and Palade, Vasile",
editor="Villa, Alessandro E.P.
and Masulli, Paolo
and Pons Rivero, Antonio Javier",
title="Deep Learning for Emotion Recognition in Faces",
bookTitle="Artificial Neural Networks and Machine Learning -- ICANN 2016: 25th International Conference on Artificial Neural Networks, Barcelona, Spain, September 6-9, 2016, Proceedings, Part II",
year="2016",
publisher="Springer International Publishing",
address="Cham",
pages="38--46",
abstract="Deep Learning (DL) has shown real promise for the classification efficiency for emotion recognition problems. In this paper we present experimental results for a deeply-trained model for emotion recognition through the use of facial expression images. We explore two Convolutional Neural Network (CNN) architectures that offer automatic feature extraction and representation, followed by fully connected softmax layers to classify images into seven emotions. The first architecture explores the impact of reducing the number of deep learning layers and the second splits the input images horizontally into two streams based on eye and mouth positions. The first proposed architecture produces state of the art results with an accuracy rate of 96.93 {\%} and the second architecture with split input produces an average accuracy rate of 86.73 {\%}, respectively.",
isbn="978-3-319-44781-0",
doi="10.1007/978-3-319-44781-0_5",
url="https://doi.org/10.1007/978-3-319-44781-0_5"
}



@misc{ho2016,
author = {Jostine Ho},
title = {Facial Emotion Recognition},
year = {2016},
publisher = {GitHub},
journal = {GitHub repository},
Howpublished = {\url{https://github.com/JostineHo/mememoji}},
note = {Accessed December 08, 2017},
}
commit = {d2c2f7892281849cc632b9f85367f0a2b62ec098},




@book{montessori2013absorbent,
  title={The Absorbent Mind},
  author={Montessori, M.},
  isbn={9781625588685},
  url={https://books.google.co.uk/books?id=4OrsAgAAQBAJ},
  year={2013},
  series={Unabridged Start Publishing LLC},
  publisher={Start Publishing LLC}
}


@article{elkin2014,
author = {Elkin, Mollie and Sullivan, Amanda and Bers, Marina},
year = {2014},
month = {01},
pages = {153-169},
title = {Implementing a Robotics Curriculum in an Early Childhood Montessori Classroom},
volume = {13},
journal = {Journal of Information Technology Education: Innovations in Practice},
doi = {10.28945/2094}
}



@book{bers2008,
  title={Blocks to Robots: Learning with Technology in the Early Childhood Classroom},
  author={Bers, M.U.},
  isbn={9780807748473},
  lccn={2007028960},
  url={https://books.google.co.uk/books?id=KkUmAQAAIAAJ},
  year={2008},
  publisher={Teachers College Press}
}

@book{bers2012,
 author = {Bers, Marina Umaschi},
 title = {Designing Digital Experiences for Positive Youth Development: From Playpen to Playground},
 year = {2012},
 isbn = {9780199757022},
 edition = {1st},
 publisher = {Oxford University Press},
 address = {Boston, MA, USA},
}

@inbook{bers-horn2010,
title = "Tangible Programming in Early Childhood: Revisiting Developmental Assumptions Through New Technologies",
author = "Bers, {Marina Umaschi} and Horn, {Michael S.}",
year = "2010",
language = "English",
isbn = "978-1617350092",
series = "Research in Global Child Advocacy",
publisher = "Information Age Publishing",
pages = "49--70",
editor = "Berson, {Ilene R.} and Berson, {Michael J.}",
booktitle = "High-Tech Tots",
}


@article{kazakoff-bers2012,
  title={Programming in a Robotics Context in the Kindergarten Classroom: The Impact on Sequencing Skills},
  author={Elizabeth R. Kazakoff and M. Bers},
  journal={Journal of Educational Multimedia and Hypermedia},
  year={2012},
  volume={21},
  pages={371-391}
}



@inproceedings{resnick1998,
author = {Resnick, Mitchel and Martin, Fred and Berg, Robert and Borovoy, Rick and Colella, Vanessa and Kramer, Kwin and Silverman, Brian},
title = {Digital Manipulatives: New Toys to Think With},
year = {1998},
isbn = {0201309874},
publisher = {ACM Press/Addison-Wesley Publishing Co.},
address = {USA},
url = {https://doi.org/10.1145/274644.274684},
doi = {10.1145/274644.274684},
booktitle = {Proceedings of the SIGCHI Conference on Human Factors in Computing Systems},
pages = {281–287},
numpages = {7},
keywords = {children, learning, education, ubiquitous computing},
location = {Los Angeles, California, USA},
series = {CHI '98}
}






@article{gaudeul2007,
author = {Gaudeul, Alexia},
year = {2007},
month = {06},
pages = {},
title = {Do Open Source Developers Respond to Competition? The LaTeX Case Study},
volume = {6},
journal = {Review of Network Economics},
doi = {10.2202/1446-9022.1119}
}



@book{brasseur2018,
  title={Forge Your Future with Open Source: Build Your Skills. Build Your Network. Build the Future of Technology.},
  author={Brasseur, VM},
  isbn={9781680506396},
  url={https://books.google.co.uk/books?id=Tm15DwAAQBAJ},
  year={2018},
  publisher={Pragmatic Bookshelf}
}


@Article{stallman1985,
  author =       "Richard Stallman",
  title =        "The {GNU} Manifesto",
  journal =      j-DDJ,
  volume =       "10",
  number =       "3",
  pages =        "30--??",
  month =        mar,
  year =         "1985",
  CODEN =        "DDJOEB",
  ISSN =         "1044-789X",
  bibdate =      "Mon Sep 2 09:09:39 MDT 1996",
  bibsource =    "http://www.ddj.com/index/author/index.htm",
  acknowledgement = ack-nhfb,
}


@book{pearce2013,
  title={Open-Source Lab: How to Build Your Own Hardware and Reduce Research Costs},
  author={Pearce, J.M.},
  isbn={9780124104860},
  lccn={2013035658},
  url={https://books.google.co.uk/books?id=0bOKAAAAQBAJ},
  year={2013},
  publisher={Elsevier Science}
}




















@misc{Poker06,
  author =       "Poker-Edge.Com",
  year =         "2006",
  month =        mar,
  title =        "Stats and Analysis",
  lastaccessed = "June 7, 2006",
  url =          "http://www.poker-edge.com/stats.php",
}

@misc{Obama08,
  author        = "Barack Obama",
  year          = "2008",
  title         = "A more perfect union",
  howpublished  = "Video",
  day           = "5",
  url           = "http://video.google.com/videoplay?docid=6528042696351994555",
  month         = mar,
  lastaccessed  = "March 21, 2008",
  note          =  "",
}


@Inproceedings{Novak03,
  author =       "Dave Novak",
  title =        "Solder man",
  booktitle =    "ACM SIGGRAPH 2003 Video Review on Animation theater Program: Part I - Vol. 145 (July 27--27, 2003)",
  year =         "2003",
  publisher =    "ACM Press",
  address =      "New York, NY",
  pages =        "4",
  month =        "March 21, 2008",
  doi =          "99.9999/woot07-S422",
  url =          "http://video.google.com/videoplay?docid=6528042696351994555",
  note =         "",
  howpublished = "Video",
  editor =       "",
  volume =       "",
  number =       "",
  series =       "",
  organization = "",
}





@article{Werneck:2000:FMC:351827.384253,
 author = {Werneck, Renato and Setubal, Jo\~{a}o and da Conceic\~{a}o, Arlindo},
 title = {(new) Finding minimum congestion spanning trees},
 journal = {J. Exp. Algorithmics},
 volume = 5,
 month = dec,
 year = 2000,
 issn = {1084-6654},
 articleno = 11,
 url = {http://portal.acm.org/citation.cfm?id=351827.384253},
 doi = {10.1145/351827.384253},
 acmid = 384253,
 publisher = {ACM},
 address = {New York, NY, USA},
}


@article{Conti:2009:DDS:1555009.1555162,
 author = {Conti, Mauro and Di Pietro, Roberto and Mancini, Luigi V. and Mei, Alessandro},
 title = {(new) Distributed data source verification in wireless sensor networks},
 journal = {Inf. Fusion},
 volume = {10},
 number = {4},
 month = oct,
 year = {2009},
 issn = {1566-2535},
 pages = {342--353},
 numpages = {12},
 url = {http://portal.acm.org/citation.cfm?id=1555009.1555162},
 doi = {10.1016/j.inffus.2009.01.002},
 acmid = {1555162},
 publisher = {Elsevier Science Publishers B. V.},
 address = {Amsterdam, The Netherlands, The Netherlands},
 keywords = {Clone detection, Distributed protocol, Securing data fusion, Wireless sensor networks},
}

@inproceedings{Li:2008:PUC:1358628.1358946,
 author = {Li, Cheng-Lun and Buyuktur, Ayse G. and Hutchful, David K. and Sant, Natasha B. and Nainwal, Satyendra K.},
 title = {Portalis: using competitive online interactions to support aid initiatives for the homeless},
 booktitle = {CHI '08 extended abstracts on Human factors in computing systems},
 year = {2008},
 isbn = {978-1-60558-012-X},
 location = {Florence, Italy},
 pages = {3873--3878},
 numpages = {6},
 url = {http://portal.acm.org/citation.cfm?id=1358628.1358946},
 doi = {10.1145/1358628.1358946},
 acmid = {1358946},
 publisher = {ACM},
 address = {New York, NY, USA},
 keywords = {cscw, distributed knowledge acquisition, incentive design, online games, recommender systems, reputation systems, user studies, virtual community},
}


@book{Goossens:1999:LWC:553897,
 author = {Goossens, Michel and Rahtz, S. P. and Moore, Ross and Sutor, Robert S.},
 title = {The  Latex Web Companion: Integrating TEX, HTML, and XML},
 year = {1999},
 isbn = {0201433117},
 edition = {1st},
 publisher = {Addison-Wesley Longman Publishing Co., Inc.},
 address = {Boston, MA, USA},
 }

% need to test genres for errant isbn output

% techreport
@techreport{897367,
 author = {Buss, Jonathan F. and Rosenberg, Arnold L. and Knott, Judson D.},
 title = {Vertex Types in Book-Embeddings},
 year = {1987},
 source = {http://www.ncstrl.org:8900/ncstrl/servlet/search?formname=detail\&id=oai%3Ancstrlh%3Aumass_cs%3Ancstrl.umassa_cs%2F%2FUM-CS-1987-018},
 publisher = {University of Massachusetts},
 address = {Amherst, MA, USA},
 }

@techreport{Buss:1987:VTB:897367,
 author = {Buss, Jonathan F. and Rosenberg, Arnold L. and Knott, Judson D.},
 title = {Vertex Types in Book-Embeddings},
 year = {1987},
 source = {http://www.ncstrl.org:8900/ncstrl/servlet/search?formname=detail\&id=oai%3Ancstrlh%3Aumass_cs%3Ancstrl.umassa_cs%2F%2FUM-CS-1987-018},
 publisher = {University of Massachusetts},
 address = {Amherst, MA, USA},
 }

% whole proceedings

@proceedings{Czerwinski:2008:1358628,
 author = {},
 note = {General Chair-Czerwinski, Mary and General Chair-Lund, Arnie and Program Chair-Tan, Desney},
 title = {CHI '08: CHI '08 extended abstracts on Human factors in computing systems},
 year = {2008},
 isbn = {978-1-60558-012-X},
 location = {Florence, Italy},
 order_no = {608085},
 publisher = {ACM},
 address = {New York, NY, USA},
 }

@Article{1984:1040142,
 key = {{$\!\!$}},
 journal = {SIGCOMM Comput. Commun. Rev.},
 year = {1984},
 issn = {0146-4833},
 volume = {13-14},
 number = {5-1},
 issue_date = {January/April 1984},
 publisher = {ACM},
 address = {New York, NY, USA},
 }


% grinder
@inproceedings{2004:ITE:1009386.1010128,
 key = {IEEE},
 title = {IEEE TCSC Executive Committee},
 booktitle = {Proceedings of the IEEE International Conference on Web Services},
 series = {ICWS '04},
 year = {2004},
 isbn = {0-7695-2167-3},
 pages = {21--22},
 url = {http://dx.doi.org/10.1109/ICWS.2004.64},
 doi = {http://dx.doi.org/10.1109/ICWS.2004.64},
 acmid = {1010128},
 publisher = {IEEE Computer Society},
 address = {Washington, DC, USA},
}

% div book
@book{Mullender:1993:DS:302430,
 editor = {Mullender, Sape},
 title = {Distributed systems (2nd Ed.)},
 year = {1993},
 isbn = {0-201-62427-3},
 publisher = {ACM Press/Addison-Wesley Publishing Co.},
 address = {New York, NY, USA},
 }

% master thesis (as techreport and thesis)

@techreport{Petrie:1986:NAD:899644,
 author = {Petrie, Charles J.},
 title = {New Algorithms for Dependency-Directed Backtracking (Master's thesis)},
 year = {1986},
 source = {http://www.ncstrl.org:8900/ncstrl/servlet/search?formname=detail\&id=oai%3Ancstrlh%3Autexas_cs%3AUTEXAS_CS%2F%2FAI86-33},
 publisher = {University of Texas at Austin},
 address = {Austin, TX, USA},
 }





@MANUAL{Fear05,
  title =        {Publication quality tables in {\LaTeX}},
  author =       {Simon Fear},
  month =        {April},
  year =         2005,
  note =         {\url{http://www.ctan.org/pkg/booktabs}}
}



# OTHER INSTERSTING RESOURCES 
* Growing up with AI : Cognimates : from coding to teaching machines 
https://dspace.mit.edu/handle/1721.1/120691 


* Growing up with AI
https://leidenlawblog.nl/articles/growing-up-with-ai


@book{pearce2013open,
  title={Open-Source Lab: How to Build Your Own Hardware and Reduce Research Costs},
  author={Pearce, J.M.},
  isbn={9780124104860},
  lccn={2013035658},
  url={https://books.google.co.uk/books?id=0bOKAAAAQBAJ},
  year={2013},
  publisher={Elsevier Science}
}

